<?xml version="1.0" encoding="UTF-8"?><collection xmlns="http://www.loc.gov/MARC21/slim"><record><leader>00479nam--2200121-i-4500</leader><controlfield tag="001">000010461</controlfield><controlfield tag="002">20161230</controlfield><controlfield tag="005">20161230201028</controlfield><controlfield tag="008">060222s1000------------r-----000-0-eng-d</controlfield><datafield ind1=" " ind2=" " tag="245"><subfield code="a">Webster s third new international.dictionary of the english language unabridger.a merriam- webster reg.u.s.pat.off.utilizing all the experience of more than one hundred years of merriam-webster dictionaries</subfield></datafield><datafield ind1=" " ind2=" " tag="260"><subfield code="a">London,G. Bell &amp; Sons,Ltd.,1966 1258p</subfield></datafield><datafield ind1=" " ind2=" " tag="700"><subfield code="a">Babcock,Philip</subfield></datafield><datafield ind1=" " ind2=" " tag="852"><subfield code="a">D.48O</subfield></datafield></record></collection>